@misk{clook,
    title = "Disk Scheduling",
    howpublished = "\url{https://web.archive.org/web/20080606005055/http://www.dcs.ed.ac.uk/home/stg/pub/D/disk.html}"
}

@book{freebsd,
    author = "McKusick, K. M. and Neville-Neil, G. V. and Watson, N. M. W.",
    title = "The Design and Implementation of the FreeBSD Operating System",
    publisher = "Pearson Education, Inc",
    location = "Westford, Massachusetts",
    year = "2014"
}

@book{winint,
    author = "Russinovich, E. M. and Solomon, A. D. and Ionescu, A.",
    title = "Windows Internals Part 1",
    publisher = "Microsoft Press",
    location = "Redmond, Washington",
    year = "2012"
}

@misc{linux1,
    author = "Love, R.",
    title = "Linux Kernel Process Management",
    publisher = "Pearson Education, Informit",
    year = "2005",
    howpublished = "\url{http://www.informit.com/articles/article.aspx?p=370047&seqNum=3}"
}

@misc{linux2,
    author = "Shichao, A.",
    title = "Chapter 4. Process Scheduling",
    publisher = "Shichao's Notes",
    year = "2016",
    howpublished = "\url{https://notes.shichao.io/lkd/ch4/}"
}

@misc{adafruit1,
    author = "Monk, S.",
    title = "Adafruit's Raspberry Pi Lesson 5. Using a Console Cable",
    publisher = "adafruit",
	day = "7",
	month = "Nov",
    year = "2018",
    howpublished = "\url{https://learn.adafruit.com/adafruits-raspberry-pi-lesson-5-using-a-console-cable/overview}"
}
