@book{freebsd,
    author = "McKusick, K. M. and Neville-Neil, G. V. and Watson, N. M. W.",
    title = "The Design and Implementation of the FreeBSD Operating System",
    publisher = "Pearson Education, Inc",
    location = "Westford, Massachusetts",
    year = "2014"
}

@book{winint,
    author = "Russinovich, E. M. and Solomon, A. D. and Ionescu, A.",
    title = "Windows Internals Part 1",
    publisher = "Microsoft Press",
    location = "Redmond, Washington",
    year = "2012"
}

@misk{linux1,
    author = "Love, R.",
    title = "Linux Kernel Process Management",
    publisher = "Pearson Education, Informit",
    year = "2005",
	howpublished = "\url{http://www.informit.com/articles/article.aspx?p=370047&seqNum=3}"
}

@misk{linux2,
    author = "Shichao, A.",
    title = "Chapter 4. Process Scheduling",
    publisher = "Shichao's Notes",
    year = "2016",
    howpublished = "\url{https://notes.shichao.io/lkd/ch4/}"
}
